@misc{RFC2119,
  author       = "Bradner, S.",
  title        = "Key words for use in {RFCs} to Indicate Requirement Levels",
  year         = "1997",
  month        = mar,
  howpublished = "{RFC Editor}",
  note         = "{RFC} 2119"
}

@misc{rfc4844,
  author       = "Leslie Daigle, L. and {Internet Architecture Board}",
  title        = "The RFC Series and RFC Editor",
  year         = "2007",
  month        = jul,
  howpublished = "{RFC Editor}",
  note         = "{RFC} 4844"
}

@inproceedings{mcquistin:2021:characterising,
	address = {Online},
	author = {McQuistin, S. and Karan, M. and Khare, P. and Perkins, C. S. and Tyson, G. and Purver, M. and Healey, P. and Iqbal, W. and Qadir, J. and Castro, I.},
	booktitle = {Proceedings of the {Internet} Measurement Conference},
	doi = {10.1145/3487552.3487821},
	month = nov,
	publisher = {{ACM}},
	title = {Characterising the {IETF} Through the Lens of {RFC} Deployment},
	year = {2021}}

